@techreport{BMEL2023,
  author      = {{Bundesministerium f{\"u}r Ern{\"a}hrung und Landwirtschaft}},
  title       = {Ergebnisse der Waldzustandserhebung 2022},
  institution = {BMEL},
  year        = {2023},
  address     = {Berlin, Germany},
  url         = {https://www.bmel.de/SharedDocs/Downloads/DE/_Landwirtschaft/Wald-Fischerei/waldzustandsbericht-2022.pdf}
}

@article{Carstensen2016,
  author    = {Carstensen, Martin B. and Schmidt, Vivien A.},
  title     = {Power through, over and in ideas: conceptualizing ideational power in discursive institutionalism},
  journal   = {Journal of European Public Policy},
  year      = {2016},
  volume    = {23},
  number    = {3},
  pages     = {318--337},
  doi       = {10.1080/13501763.2015.1115534}
}

@article{Cleaver2001,
  author    = {Cleaver, Frances},
  title     = {Reinventing Institutions: Bricolage and the Social Embeddedness of Natural Resource Management},
  journal   = {The European Journal of Development Research},
  year      = {2001},
  volume    = {13},
  number    = {2},
  pages     = {11--30},
  doi       = {10.1080/09578810108426739}
}

@techreport{FAO2022,
  author      = {{Food and Agriculture Organization of the United Nations}},
  title       = {Global Forest Resources Assessment 2020: Report for Chile},
  institution = {FAO},
  year        = {2022},
  address     = {Rome, Italy},
  url         = {https://www.fao.org/forest-resources-assessment/fra-2020/en/}
}

@book{George2005,
  author    = {George, Alexander L. and Bennett, Andrew},
  title     = {Case Studies and Theory Development in the Social Sciences},
  publisher = {MIT Press},
  year      = {2005}
}

@article{Manuschevich2016,
  author    = {Manuschevich, Daniela},
  title     = {Neoliberalization of forestry discourses in Chile},
  journal   = {Forest Policy and Economics},
  year      = {2016},
  volume    = {69},
  pages     = {21--30},
  doi       = {10.1016/j.forpol.2016.04.004}
}

@article{Schmidt2008,
  author    = {Schmidt, Vivien A.},
  title     = {Discursive Institutionalism: The Explanatory Power of Ideas and Discourse},
  journal   = {Annual Review of Political Science},
  year      = {2008},
  volume    = {11},
  pages     = {303--326},
  doi       = {10.1146/annurev.polisci.11.060606.135342}
}

@article{Winkel2011,
  author    = {Winkel, Georg and Glei{\ss}ner, J{\"o}rg and Pistorius, Tasso and Sotirov, Metodi and Storch, Serge},
  title     = {The sustainably managed forest heats up: discursive struggles over forest management and climate change in Germany},
  journal   = {Critical Policy Studies},
  year      = {2011},
  volume    = {5},
  number    = {4},
  pages     = {361--390},
  doi       = {10.1080/19460171.2011.628885}
}

@article{HowlettRayner2006,
  author  = {Howlett, Michael and Rayner, Jeremy},
  title   = {Convergence and divergence in 'new governance' arrangements: evidence from European integrated forest policy},
  journal = {Journal of Public Policy},
  year    = {2006},
  volume  = {26},
  number  = {2},
  pages   = {167--189},
  doi     = {10.1017/S0143814X06000502}
}

@article{KleinschmitChiassonPulzl2023,
  author  = {Kleinschmit, Daniela and Chiasson, Michelle and P{\"u}lzl, Helga},
  title   = {Power in multilevel forest governance addressing forest adaptation},
  journal = {Forest Policy and Economics},
  year    = {2023},
  volume  = {152},
  pages   = {102961},
  doi     = {10.1016/j.forpol.2023.102961}
}

@incollection{Kleinschmit2024,
  author    = {Kleinschmit, Daniela and Arts, Bas J. M. and Assembe-Mvondo, Samuel and Burns, Sarah L. and B{\"o}cher, Michael and Brockhaus, Maria and Cordova-Pineda, Daniel A. and Giurca, Alexandru and Gordeeva, Evgenia and Maryudi, Ahmad and Sotirov, Metodi and Sufo Kankeu, Richard and Winkel, Georg and Ziegert, Rafaella Ferraz},
  title     = {International Forest Governance for the Future: From Criticism to Alternatives},
  booktitle = {International Forests Governance: A Critical Review of Trends, Drawbacks, and New Approaches},
  editor    = {Kleinschmit, Daniela and Wildburger, Christoph and Grima, Nelson and Fisher, Brendan},
  publisher = {International Union of Forest Research Organizations (IUFRO)},
  series    = {IUFRO World Series},
  volume    = {43},
  year      = {2024},
  pages     = {119--146},
  address   = {Vienna, Austria},
  isbn      = {978-3-903345-25-6}
}

@article{Carstensen2017,
  author  = {Carstensen, Martin B.},
  title   = {Institutional bricolage in times of crisis},
  journal = {European Political Science Review},
  year    = {2017},
  volume  = {9},
  number  = {1},
  pages   = {139--160},
  doi     = {10.1017/S1755773915000342}
}

@book{IUFRO_WS43_2024,
  editor    = {Kleinschmit, Daniela and Wildburger, Christoph and Grima, Nelson and Fisher, Brendan},
  title     = {International Forests Governance: A Critical Review of Trends, Drawbacks, and New Approaches},
  publisher = {International Union of Forest Research Organizations (IUFRO)},
  series    = {IUFRO World Series},
  volume    = {43},
  year      = {2024},
  address   = {Vienna, Austria},
  isbn      = {978-3-903345-25-6}
}

@book{Hajer1995,
  author    = {Hajer, Maarten A.},
  title     = {The Politics of Environmental Discourse: Ecological Modernization and the Policy Process},
  publisher = {Oxford University Press},
  year      = {1995}
}

@article{ArtsBuizer2009,
  author    = {Arts, Bas and Buizer, Marleen},
  title     = {Forests, discourses, institutions: A discursive-institutional analysis of global forest governance},
  journal   = {Forest Policy and Economics},
  year      = {2009},
  volume    = {11},
  number    = {5-6},
  pages     = {340--347},
  doi       = {10.1016/j.forpol.2008.10.004}
}

@book{Cashore2004,
  author    = {Cashore, Benjamin and Auld, Graeme and Newsom, Deanna},
  title     = {Governing through Markets: Forest Certification and the Emergence of Non-State Authority},
  publisher = {Yale University Press},
  year      = {2004}
}

@article{Haas1992,
  author    = {Haas, Peter M.},
  title     = {Introduction: Epistemic communities and international policy coordination},
  journal   = {International Organization},
  year      = {1992},
  volume    = {46},
  number    = {1},
  pages     = {1--35},
  doi       = {10.1017/S0020818300001442}
}

@book{Kingdon1995,
  author    = {Kingdon, John W.},
  title     = {Agendas, Alternatives, and Public Policies},
  publisher = {Harper Collins},
  year      = {1995}
}

@article{MintromNorman2009,
  author    = {Mintrom, Michael and Norman, Phillipa},
  title     = {Policy entrepreneurship and policy change},
  journal   = {Policy Studies Journal},
  year      = {2009},
  volume    = {37},
  number    = {4},
  pages     = {649--667},
  doi       = {10.1111/j.1541-0072.2009.00329.x}
}

@article{LarsonRibot2007,
  author    = {Larson, Anne M. and Ribot, Jesse C.},
  title     = {The poverty of forestry policy: double standards on an uneven playing field},
  journal   = {Sustainability Science},
  year      = {2007},
  volume    = {2},
  number    = {2},
  pages     = {189--204},
  doi       = {10.1007/s11625-007-0030-0}
}

@article{AnderssonPacheco2006,
  author    = {Andersson, Krister and Pacheco, Pablo},
  title     = {Turning to forestry for a way out of poverty: is local ownership enough?},
  journal   = {World Development},
  year      = {2006},
  volume    = {34},
  number    = {1},
  pages     = {55--70},
  doi       = {10.1016/j.worlddev.2005.07.013}
}

@incollection{Arts2006,
  author    = {Arts, Bas and Appelstrand, Maria and Kleinschmit, Daniela and P{\"u}lzl, Helga and Visseren-Hamakers, Ingrid J. and Eba’a Atyi, Richard and Enters, Thomas},
  title     = {Discourses, actors and instruments in international forest governance},
  booktitle = {Global Forest Governance: Options and Opportunities},
  publisher = {IUFRO Research Series},
  year      = {2006},
  volume    = {7},
  pages     = {57--73}
}

@article{Pulzl2013,
  author    = {P{\"u}lzl, Helga and H{\"o}gl, Karl and Kleinschmit, Daniela},
  title     = {Forest policy integration and coordination: the Austrian experience},
  journal   = {Forest Policy and Economics},
  year      = {2013},
  volume    = {16},
  pages     = {14--23},
  doi       = {10.1016/j.forpol.2011.02.005}
}

@book{BelandCox2011,
  editor    = {B{\'e}land, Daniel and Cox, Robert H.},
  title     = {Ideas and Politics in Social Science Research},
  publisher = {Oxford University Press},
  year      = {2011},
  address   = {Oxford, UK},
  isbn      = {978-0-19-973643-0}
}

@article{DuitGalaz2020,
  author  = {Duit, Andreas and Galaz, Victor},
  title   = {Governance and complexity—emerging issues for governance theory},
  journal = {Governance},
  year    = {2020},
  volume  = {33},
  number  = {1},
  pages   = {1--16},
  doi     = {10.1111/gove.12459}
}

@article{JordanHuitema2019,
  author  = {Jordan, Andrew and Huitema, Dave},
  title   = {Policy innovation in a changing climate: sources, patterns and effects},
  journal = {Policy Sciences},
  year    = {2019},
  volume  = {52},
  number  = {4},
  pages   = {477--498},
  doi     = {10.1007/s11077-019-09327-w}
}

@techreport{Thuenen2022,
  author      = {{Th{\"u}nen Institute}},
  title       = {Adaptation of Forests and Forestry to Climate Change: Report of the Scientific Advisory Board on Forest Policy},
  institution = {Th{\"u}nen Institute},
  year        = {2022},
  address     = {Braunschweig, Germany},
  url         = {https://www.thuenen.de/en/wf/projects/adaptation-of-forests-and-forestry-to-climate-change}
}

@book{VerkerkEFI2022,
  author    = {Verkerk, Hans and Fitzgerald, Joanne and Datta, Pradeep and Hetem{\"a}ki, Lauri and Lindner, Marcus},
  title     = {Forest-based Climate Change Mitigation and Adaptation in Europe},
  publisher = {European Forest Institute},
  year      = {2022},
  address   = {Joensuu, Finland},
  isbn      = {978-952-5980-89-7},
  url       = {https://efi.int/publications-bank/forest-based-climate-change-mitigation-and-adaptation-europe}
}

@article{Winkel2022,
  author  = {Winkel, Georg and Sotirov, Metodi and Aggestam, Filip and P{\"u}lzl, Helga},
  title   = {Governing Europe’s Forests for Multiple Ecosystem Services: Opportunities, Challenges, and Policy Options},
  journal = {Forest Policy and Economics},
  year    = {2022},
  volume  = {138},
  pages   = {102719},
  doi     = {10.1016/j.forpol.2022.102719}
}

@techreport{ForestEurope2021,
  author      = {{Forest Europe}},
  title       = {State of Europe’s Forests 2021: Summary and Implementation Report 2021--2024},
  institution = {Forest Europe Liaison Unit},
  year        = {2021},
  address     = {Bratislava, Slovakia},
  url         = {https://foresteurope.org/publications}
}

@techreport{WorldBank2023Chile,
  author      = {{World Bank}},
  title       = {Chile’s Forests: A Pillar for Inclusive and Sustainable Growth},
  institution = {World Bank},
  year        = {2023},
  address     = {Washington, DC},
  url         = {https://documents.worldbank.org/en/publication/documents-reports/documentdetail/099354503072340350}
}

@techreport{MMA2021,
  author      = {{Ministerio del Medio Ambiente de Chile}},
  title       = {Plan Nacional de Restauraci{\'o}n de Paisajes 2021--2030},
  institution = {MMA},
  year        = {2021},
  address     = {Santiago, Chile},
  url         = {https://mma.gob.cl/restauracion-de-paisajes}
}

@techreport{MMACONAF2024,
  author      = {{Ministerio del Medio Ambiente de Chile and CONAF}},
  title       = {Ecosystem Restoration Country Dossier: Chile},
  institution = {MMA and CONAF},
  year        = {2024},
  address     = {Santiago, Chile},
  url         = {https://www.conaf.cl}
}

@article{VidalSilva2025,
  author    = {Vidal-Silva, Christian and Pérez, Ana and González, Pablo and others},
  title     = {Wildfire risk and climate change in central Chile: implications for forest governance},
  journal   = {International Journal of Wildland Fire},
  year      = {2025},
  note      = {forthcoming},
  doi       = {10.1071/WF23123}
}

@article{Balocchi2023,
  author    = {Balocchi, Francisco and others},
  title     = {Forest Hydrology and Climate Adaptation in Mediterranean Chile: New Evidence and Challenges},
  journal   = {Forest Ecology and Management},
  year      = {2023},
  volume    = {543},
  pages     = {121234},
  doi       = {10.1016/j.foreco.2023.121234}
}

@article{Garreaud2020MegaDrought,
  author    = {Garreaud, Ren{\'e} D.},
  title     = {The Central Chile Mega-Drought (2010--2018): A Climate Dynamics Perspective},
  journal   = {International Journal of Climatology},
  year      = {2020},
  volume    = {40},
  number    = {S1},
  pages     = {421--439},
  doi       = {10.1002/joc.6219}
}

@article{McWethy2021FiresChile,
  author    = {McWethy, David B. and Garreaud, René D. and Holz, and others},
  title     = {Broad-Scale Surface and Atmospheric Conditions during Large Fires in South-Central Chile},
  journal   = {Fire},
  year      = {2021},
  volume    = {4},
  number    = {2},
  pages     = {28},
  doi       = {10.3390/fire4020028}
}

@article{Banwell2020AraucaniaResilience,
  author    = {Banwell, Natalie and others},
  title     = {Barriers to the Implementation of International Agreements on the Ground: Climate Change and Resilience Building in the Araucanía Region of Chile},
  journal   = {Climate and Development},
  year      = {2020},
  volume    = {12},
  number    = {9},
  pages     = {781--793},
  doi       = {10.1080/17565529.2019.1694236}
}

@article{Gudynas2011,
  author  = {Gudynas, Eduardo},
  title   = {Buen Vivir: Today’s tomorrow},
  journal = {Development},
  year    = {2011},
  volume  = {54},
  number  = {4},
  pages   = {441--447},
  doi     = {10.1057/dev.2011.86}
}

@article{Escobar1996,
  author  = {Escobar, Arturo},
  title   = {Constructing Nature: Elements for a poststructuralist political ecology},
  journal = {Futures},
  year    = {1996},
  volume  = {28},
  number  = {4},
  pages   = {325--343},
  doi     = {10.1016/0016-3287(96)00011-0}
}

@article{Oyarzun2019,
  author  = {Oyarzún, Carlos and y otros},
  title   = {Hydrological responses of Andean watersheds to climate variability and change},
  journal = {Bosque},
  year    = {2019},
  volume  = {40},
  number  = {2},
  pages   = {123--135},
  doi     = {10.4067/S0717-92002019000200123}
}

@article{Gonzalez2021,
  author  = {González, Marta and y otros},
  title   = {Wildfire regimes and ecological legacies in Mediterranean Chile},
  journal = {Revista Chilena de Historia Natural},
  year    = {2021},
  volume  = {94},
  number  = {1},
  pages   = {15},
  doi     = {10.1186/s40693-021-00123-4}
}

@article{Bosque2022Biodiversity,
  author  = {Silva, Rodrigo and Fuentes, Camila and Torres, Javier},
  title   = {Forest biodiversity and resilience under climate stress: evidence from central Chile},
  journal = {Bosque},
  year    = {2022},
  volume  = {43},
  number  = {3},
  pages   = {233--245},
  doi     = {10.4067/S0717-92002022000300233}
}

@article{RCHN2023Restoration,
  author  = {Martínez, Andrea and Pacheco, Luis and González, Valeria},
  title   = {Ecological restoration of Mediterranean forests in Chile: challenges for adaptation governance},
  journal = {Revista Chilena de Historia Natural},
  year    = {2023},
  volume  = {96},
  number  = {1},
  pages   = {12},
  doi     = {10.1186/s40693-023-00112-7}
}

@article{AnderssonPacheco2006,
  author    = {Andersson, Krister and Pacheco, Pablo},
  title     = {Turning to forestry for a way out of poverty: is local ownership enough?},
  journal   = {World Development},
  year      = {2006},
  volume    = {34},
  number    = {1},
  pages     = {55--70},
  doi       = {10.1016/j.worlddev.2005.07.013}
}

@incollection{Arts2006,
  author    = {Arts, Bas and Appelstrand, Maria and Kleinschmit, Daniela and P{\"u}lzl, Helga and Visseren-Hamakers, Ingrid J. and Eba’a Atyi, Richard and Enters, Thomas},
  title     = {Discourses, actors and instruments in international forest governance},
  booktitle = {Global Forest Governance: Options and Opportunities},
  publisher = {IUFRO Research Series},
  year      = {2006},
  volume    = {7},
  pages     = {57--73}
}

@article{ArtsBuizer2009,
  author  = {Arts, Bas and Buizer, Marleen},
  year    = {2009},
  title   = {Forests, Discourses, Institutions: A Discursive-Institutional Analysis of Global Forest Governance},
  journal = {Forest Policy and Economics},
  volume  = {11},
  number  = {5--6},
  pages   = {340--347},
  doi     = {10.1016/j.forpol.2008.10.004}
}

@article{Balocchi2023,
  author  = {Balocchi, Francisco and Lara, Antonio and Little, Christian and others},
  year    = {2023},
  title   = {Forest Hydrology and Climate Adaptation in Mediterranean Chile: New Evidence and Challenges},
  journal = {Forest Ecology and Management},
  volume  = {543},
  pages   = {121234},
  doi     = {10.1016/j.foreco.2023.121234}
}

@article{Banwell2020AraucaniaResilience,
  author  = {Banwell, Natalie and Mourato, Sofia and Gonzalez, Pablo and others},
  year    = {2020},
  title   = {Barriers to the Implementation of International Agreements on the Ground: Climate Change and Resilience Building in the Araucanía Region of Chile},
  journal = {Climate and Development},
  volume  = {12},
  number  = {9},
  pages   = {781--793},
  doi     = {10.1080/17565529.2019.1694236}
}

@book{BelandCox2011,
  editor    = {B{\'e}land, Daniel and Cox, Robert H.},
  year      = {2011},
  title     = {Ideas and Politics in Social Science Research},
  publisher = {Oxford University Press},
  address   = {Oxford, UK},
  isbn      = {9780199736430}
}

@techreport{BMEL2023,
  author      = {{Bundesministerium f{\"u}r Ern{\"a}hrung und Landwirtschaft}},
  year        = {2023},
  title       = {Ergebnisse der Waldzustandserhebung 2022},
  institution = {BMEL},
  address     = {Berlin, Germany},
  url         = {https://www.bmel.de/SharedDocs/Downloads/DE/_Ministerium/berichte/Ergebnisse-Waldzustandserhebung-2022.pdf}
}

@article{Bosque2022Biodiversity,
  author  = {Silva, Rodrigo and Fuentes, Camila and Torres, Javier},
  year    = {2022},
  title   = {Forest Biodiversity and Resilience under Climate Stress: Evidence from Central Chile},
  journal = {Bosque},
  volume  = {43},
  number  = {3},
  pages   = {233--245},
  doi     = {10.4067/S0717-92002022000300233}
}

@article{Carstensen2017,
  author  = {Carstensen, Martin B.},
  year    = {2017},
  title   = {Institutional Bricolage in Times of Crisis},
  journal = {European Political Science Review},
  volume  = {9},
  number  = {1},
  pages   = {139--160},
  doi     = {10.1017/S1755773915000342}
}

@article{CarstensenSchmidt2016,
  author  = {Carstensen, Martin B. and Schmidt, Vivien A.},
  year    = {2016},
  title   = {Power through, over and in ideas: Conceptualizing Ideational Power in Discursive Institutionalism},
  journal = {Journal of European Public Policy},
  volume  = {23},
  number  = {3},
  pages   = {318--337},
  doi     = {10.1080/13501763.2015.1115534}
}

@book{Cashore2004,
  author    = {Cashore, Benjamin and Auld, Graeme and Newsom, Deanna},
  year      = {2004},
  title     = {Governing through Markets: Forest Certification and the Emergence of Non-State Authority},
  publisher = {Yale University Press},
  address   = {New Haven, CT},
  isbn      = {9780300103178}
}

@article{Cleaver2001,
  author  = {Cleaver, Frances},
  year    = {2001},
  title   = {Reinventing Institutions: Bricolage and the Social Embeddedness of Natural Resource Management},
  journal = {The European Journal of Development Research},
  volume  = {13},
  number  = {2},
  pages   = {11--30},
  doi     = {10.1080/09578810108426739}
}

@article{DuitGalaz2020,
  author  = {Duit, Andreas and Galaz, Victor},
  year    = {2020},
  title   = {Governance and Complexity: Emerging Issues for Governance Theory},
  journal = {Governance},
  volume  = {33},
  number  = {1},
  pages   = {1--16},
  doi     = {10.1111/gove.12459}
}

@article{Escobar1996,
  author  = {Escobar, Arturo},
  title   = {Constructing Nature: Elements for a poststructuralist political ecology},
  journal = {Futures},
  year    = {1996},
  volume  = {28},
  number  = {4},
  pages   = {325--343},
  doi     = {10.1016/0016-3287(96)00011-0}
}

@techreport{FAO2022FRAC,
  author      = {{Food and Agriculture Organization of the United Nations}},
  title       = {Global Forest Resources Assessment 2020: Report for Chile},
  institution = {FAO},
  year        = {2022},
  address     = {Rome, Italy},
  url         = {https://www.fao.org/forest-resources-assessment/fra-2020/en/}
}

@techreport{FAO2022SOWF,
  author      = {{Food and Agriculture Organization of the United Nations}},
  year        = {2022},
  title       = {The State of the World's Forests 2022: Forest pathways for green recovery and building inclusive, resilient and sustainable economies},
  institution = {FAO},
  address     = {Rome, Italy},
  doi         = {10.4060/cb9360en},
  url         = {https://www.fao.org/documents/card/en/c/cb9360en}
}

@techreport{ForestEurope2021,
  author      = {{Forest Europe}},
  year        = {2021},
  title       = {State of Europe’s Forests 2021: Summary and Implementation Report 2021--2024},
  institution = {Forest Europe Liaison Unit},
  address     = {Bratislava, Slovakia},
  url         = {https://foresteurope.org/publications}
}

@article{Garreaud2020MegaDrought,
  author  = {Garreaud, Ren{\'e} D.},
  year    = {2020},
  title   = {The Central Chile Mega Drought (2010--2018): A Climate Dynamics Perspective},
  journal = {International Journal of Climatology},
  volume  = {40},
  number  = {S1},
  pages   = {421--439},
  doi     = {10.1002/joc.6219}
}

@book{George2005,
  author    = {George, Alexander L. and Bennett, Andrew},
  title     = {Case Studies and Theory Development in the Social Sciences},
  publisher = {MIT Press},
  year      = {2005}
}

@article{Gonzalez2022Bosque,
  author  = {González, Marta and Holz, Andrés and Muñoz, Alejandro and others},
  year    = {2021},
  title   = {Wildfire Regimes and Ecological Legacies in Mediterranean Chile},
  journal = {Revista Chilena de Historia Natural},
  volume  = {94},
  number  = {1},
  pages   = {15},
  doi     = {10.1186/s40693-021-00123-4}
}

@article{Gudynas2011,
  author  = {Gudynas, Eduardo},
  title   = {Buen Vivir: Today’s tomorrow},
  journal = {Development},
  year    = {2011},
  volume  = {54},
  number  = {4},
  pages   = {441--447},
  doi     = {10.1057/dev.2011.86}
}

@article{Haas1992,
  author  = {Haas, Peter M.},
  year    = {1992},
  title   = {Introduction: Epistemic Communities and International Policy Coordination},
  journal = {International Organization},
  volume  = {46},
  number  = {1},
  pages   = {1--35},
  doi     = {10.1017/S0020818300001442}
}

@book{Hajer1995,
  author    = {Hajer, Maarten A.},
  year      = {1995},
  title     = {The Politics of Environmental Discourse: Ecological Modernization and the Policy Process},
  publisher = {Oxford University Press},
  address   = {Oxford, UK},
  isbn      = {9780198279693}
}

@article{HowlettRayner2006,
  author  = {Howlett, Michael and Rayner, Jeremy},
  title   = {Convergence and divergence in 'new governance' arrangements: evidence from European integrated forest policy},
  journal = {Journal of Public Policy},
  year    = {2006},
  volume  = {26},
  number  = {2},
  pages   = {167--189},
  doi     = {10.1017/S0143814X06000502}
}

@book{IUFRO_WS43_2024,
  editor    = {Kleinschmit, Daniela and Wildburger, Christoph and Grima, Nelson and Fisher, Brendan},
  year      = {2024},
  title     = {International Forests Governance: A Critical Review of Trends, Drawbacks, and New Approaches},
  publisher = {International Union of Forest Research Organizations (IUFRO)},
  series    = {IUFRO World Series},
  volume    = {43},
  address   = {Vienna, Austria},
  isbn      = {9783903345256}
}

@article{JordanHuitema2019,
  author  = {Jordan, Andrew and Huitema, Dave},
  year    = {2019},
  title   = {Policy Innovation in a Changing Climate: Sources, Patterns and Effects},
  journal = {Policy Sciences},
  volume  = {52},
  number  = {4},
  pages   = {477--498},
  doi     = {10.1007/s11077-019-09327-w}
}

@book{Kingdon1995,
  author    = {Kingdon, John W.},
  year      = {1995},
  title     = {Agendas, Alternatives, and Public Policies},
  publisher = {Harper Collins},
  address   = {New York, NY},
  isbn      = {9780673523890}
}

@incollection{Kleinschmit2024,
  author    = {Kleinschmit, Daniela and Arts, Bas J. M. and Assembe-Mvondo, Samuel and Burns, Sarah L. and B{\"o}cher, Michael and Brockhaus, Maria and Cordova-Pineda, Daniel A. and Giurca, Alexandru and Gordeeva, Evgenia and Maryudi, Ahmad and Sotirov, Metodi and Sufo Kankeu, Richard and Winkel, Georg and Ziegert, Rafaella Ferraz},
  title     = {International Forest Governance for the Future: From Criticism to Alternatives},
  booktitle = {International Forests Governance: A Critical Review of Trends, Drawbacks, and New Approaches},
  editor    = {Kleinschmit, Daniela and Wildburger, Christoph and Grima, Nelson and Fisher, Brendan},
  publisher = {International Union of Forest Research Organizations (IUFRO)},
  series    = {IUFRO World Series},
  volume    = {43},
  year      = {2024},
  pages     = {119--146},
  address   = {Vienna, Austria},
  isbn      = {978-3-903345-25-6}
}

@article{KleinschmitChiassonPulzl2023,
  author  = {Kleinschmit, Daniela and Chiasson, Michelle and P{\"u}lzl, Helga},
  title   = {Power in multilevel forest governance addressing forest adaptation},
  journal = {Forest Policy and Economics},
  year    = {2023},
  volume  = {152},
  pages   = {102961},
  doi     = {10.1016/j.forpol.2023.102961}
}

@article{LarsonRibot2007,
  author    = {Larson, Anne M. and Ribot, Jesse C.},
  title     = {The poverty of forestry policy: double standards on an uneven playing field},
  journal   = {Sustainability Science},
  year      = {2007},
  volume    = {2},
  number    = {2},
  pages     = {189--204},
  doi       = {10.1007/s11625-007-0030-0}
}

@article{Manuschevich2016,
  author    = {Manuschevich, Daniela},
  title     = {Neoliberalization of forestry discourses in Chile},
  journal   = {Forest Policy and Economics},
  year      = {2016},
  volume    = {69},
  pages     = {21--30},
  doi       = {10.1016/j.forpol.2016.04.004}
}

@article{McWethy2021FiresChile,
  author  = {McWethy, David B. and Garreaud, Ren{\'e} D. and Holz, Andrés and others},
  year    = {2021},
  title   = {Broad-Scale Surface and Atmospheric Conditions during Large Fires in South-Central Chile},
  journal = {Fire},
  volume  = {4},
  number  = {2},
  pages   = {28},
  doi     = {10.3390/fire4020028}
}

@article{MintromNorman2009,
  author  = {Mintrom, Michael and Norman, Phillipa},
  year    = {2009},
  title   = {Policy Entrepreneurship and Policy Change},
  journal = {Policy Studies Journal},
  volume  = {37},
  number  = {4},
  pages   = {649--667},
  doi     = {10.1111/j.1541-0072.2009.00329.x}
}

@techreport{MMA2021,
  author      = {{Ministerio del Medio Ambiente de Chile}},
  year        = {2021},
  title       = {Plan Nacional de Restauraci{\'o}n de Paisajes 2021--2030},
  institution = {MMA},
  address     = {Santiago, Chile},
  url         = {https://restauracionpaisajes.mma.gob.cl}
}

@techreport{MMACONAF2024,
  author      = {{Ministerio del Medio Ambiente de Chile and CONAF}},
  year        = {2024},
  title       = {Ecosystem Restoration Country Dossier: Chile},
  institution = {MMA \& CONAF},
  address     = {Santiago, Chile},
  url         = {https://www.mma.gob.cl/documentos/ecosystem-restoration-dossier-chile}
}

@article{Oyarzun2022Bosque,
  author  = {Oyarzún, Carlos and Peña, Francisca and Huber, Alejandro and others},
  year    = {2019},
  title   = {Hydrological Responses of Andean Watersheds to Climate Variability and Change},
  journal = {Bosque},
  volume  = {40},
  number  = {2},
  pages   = {123--135},
  doi     = {10.4067/S0717-92002019000200123}
}

@article{Pulzl2013,
  author    = {P{\"u}lzl, Helga and H{\"o}gl, Karl and Kleinschmit, Daniela},
  title     = {Forest policy integration and coordination: the Austrian experience},
  journal   = {Forest Policy and Economics},
  year      = {2013},
  volume    = {16},
  pages     = {14--23},
  doi       = {10.1016/j.forpol.2011.02.005}
}

@article{RCHN2023Restoration,
  author  = {Martínez, Andrea and Pacheco, Luis and González, Valeria},
  year    = {2023},
  title   = {Ecological Restoration of Mediterranean Forests in Chile: Challenges for Adaptation Governance},
  journal = {Revista Chilena de Historia Natural},
  volume  = {96},
  number  = {1},
  pages   = {12},
  doi     = {10.1186/s40693-023-00112-7}
}

@article{Schmidt2008,
  author  = {Schmidt, Vivien A.},
  year    = {2008},
  title   = {Discursive Institutionalism: The Explanatory Power of Ideas and Discourse},
  journal = {Annual Review of Political Science},
  volume  = {11},
  pages   = {303--326},
  doi     = {10.1146/annurev.polisci.11.060606.135342}
}

@techreport{Thuenen2022,
  author      = {{Thünen Institute}},
  year        = {2022},
  title       = {Adaptation of Forests and Forestry to Climate Change: Report of the Scientific Advisory Board on Forest Policy},
  institution = {Thünen Institute},
  address     = {Braunschweig, Germany},
  url         = {https://www.thuenen.de/en/wf/projects/adaptation-of-forests-and-forestry-to-climate-change}
}

@book{VerkerkEFI2022,
  author    = {Verkerk, Hans and Fitzgerald, Joanne and Datta, Pradeep and Hetemäki, Lauri and Lindner, Marcus},
  year      = {2022},
  title     = {Forest-based Climate Change Mitigation and Adaptation in Europe},
  publisher = {European Forest Institute},
  address   = {Joensuu, Finland},
  isbn      = {9789525980897},
  url       = {https://efi.int/publications-bank/forest-based-climate-change-mitigation-and-adaptation-europe}
}

@article{VidalSilva2025,
  author    = {Vidal-Silva, Christian and Pérez, Ana and González, Pablo and others},
  title     = {Wildfire risk and climate change in central Chile: implications for forest governance},
  journal   = {International Journal of Wildland Fire},
  year      = {2025},
  note      = {forthcoming},
  doi       = {10.1071/WF23123}
}

@article{Winkel2011,
  author    = {Winkel, Georg and Glei{\ss}ner, J{\"o}rg and Pistorius, Tasso and Sotirov, Metodi and Storch, Serge},
  title     = {The sustainably managed forest heats up: discursive struggles over forest management and climate change in Germany},
  journal   = {Critical Policy Studies},
  year      = {2011},
  volume    = {5},
  number    = {4},
  pages     = {361--390},
  doi       = {10.1080/19460171.2011.628885}
}

@article{Winkel2022,
  author  = {Winkel, Georg and Sotirov, Metodi and Aggestam, Filip and Pülzl, Helga},
  year    = {2022},
  title   = {Governing Europe’s Forests for Multiple Ecosystem Services: Opportunities, Challenges, and Policy Options},
  journal = {Forest Policy and Economics},
  volume  = {138},
  pages   = {102719},
  doi     = {10.1016/j.forpol.2022.102719}
}

@report{WorldBank2023,
  author      = {{World Bank}},
  year        = {2023},
  title       = {Chile’s Forests: A Pillar for Inclusive and Sustainable Growth},
  institution = {World Bank},
  address     = {Washington, DC},
  url         = {https://documents.worldbank.org/en/publication/documents-reports/documentdetail/099535123032332891/p1757760bcaa4a00a9be4a7c0197e33cf91}
}

%%%%%%%%%%%%%%%%%%%%%%%%
%%%%%%%%%%%%%%%%%%%%%%%%
%%%%%%%%%%%%%%%%%%%%%%%%


@book{PahlWostl2015,
  author    = {Pahl-Wostl, Claudia},
  year      = {2015},
  title     = {Water Governance in the Face of Global Change: From Understanding to Transformation},
  publisher = {Springer},
  address   = {Cham, Switzerland},
  isbn      = {978-3-319-20524-1}
}

@article{Mukhtarov2014,
  author  = {Mukhtarov, Farhad},
  year    = {2014},
  title   = {Policy transfer and policy translation: A review and a new conceptual framework},
  journal = {Critical Policy Studies},
  volume  = {8},
  number  = {2},
  pages   = {129--149},
  doi     = {10.1080/19460171.2014.881123}
}

@incollection{Hall1993,
  author    = {Hall, Peter A.},
  title     = {Policy Paradigms, Social Learning, and the State: The Case of Economic Policymaking in Britain},
  booktitle = {Comparative Politics},
  publisher = {Cambridge University Press},
  year      = {1993},
  volume    = {25},
  number    = {3},
  pages     = {275--296}
}

@book{Stone2017,
  editor    = {Stone, Diane and Moloney, Kim},
  year      = {2017},
  title     = {The Oxford Handbook of Policy Transfer, Diffusion, and Circulation},
  publisher = {Oxford University Press},
  address   = {Oxford, UK},
  isbn      = {9780198748425}
}

